3032 5383
1605 513 1871 590 sao

763 727 1008 804 minis
1047 719 1548 808 Batonibus,
1612 717 2157 792 Consiliariis
2189 717 2679 813 Maiestatis
2730 721 2895 793 Re-

758 857 973 954 giae,
1024 867 1101 925 et
1141 796 1484 922 caeteris
1531 845 1980 958 Regnicolis
2027 848 2106 918 in
2138 846 2569 954 praesenti
2565 847 2891 922 Diaeta

770 972 1238 1050 constitutis
1261 967 1928 1071 (repugnantibus
1946 987 2229 1044 tamen
2242 955 2612 1044 Dominis
2638 973 2894 1046 Prae·

761 1102 960 1176 latis
1051 1113 1128 1170 et
1197 1095 1412 1168 Viris
1481 1085 2113 1187 Ecclesiasticis)
2169 1092 2637 1171 ordinatum
2696 1111 2887 1168 est.-

761 1239 852 1299 ut
889 1221 1285 1314 videlicet,
1332 1218 1466 1312 qui
1515 1217 1613 1290 ab
1660 1217 1822 1292 alio
1867 1240 2095 1314 quam
2151 1220 2382 1315 Rege,
2433 1221 2564 1295 vel
2633 1220 2756 1291 cui
2816 1219 2893 1290 is

659 1339 664 1348 ’
713 1419 720 1422 ,
761 1351 1271 1422 Patronatum
1326 1342 1804 1441 contulerit,
1856 1341 2328 1430 beneficium,
2394 1343 2894 1417 Ecclesiasti-

763 1495 936 1545 cum
1017 1467 1535 1563 obtinuerint,
1614 1468 1733 1540 in·
1781 1467 2302 1564 profluentem
2381 1463 2883 1560 abjiciantur.

763 1600 1122 1672 Similem
1213 1596 1563 1670 renisum
1636 1595 1988 1668 continet
2075 1591 2332 1666 Praef.
2402 1590 2714 1666 Decret.
2808 1601 2887 1667 7.

761 1723 990 1800 Ulad.
1045 1723 1140 1796 11.
1197 1720 1272 1815 §.
1329 1725 1397 1795 4.
1447 1717 1781 1790 Domini
1818 1715 2187 1792 Praelati
2227 1738 2327 1792 ac
2350 1715 2742 1808 Ramnes,
2800 1737 2889 1793 et

765 1847 1063 1922 caeteri
1091 1840 1573 1943 Regnicolae
1596 1840 1871 1930 nostri,
1920 1860 2253 1941 accepta
2272 1860 2539 1934 mente
2571 1823 2883 1934 nostra,

765 1997 959 2042 cum
997 1965 1141 2042 diu
1191 1965 1716 2066 multumque
1760 1991 1991 2064 super
2030 1963 2157 2042 his
2188 1963 2427 2066 rebus
2452 1962 2887 2041 deliberas-

766 2111 960 2181 sent,
1016 2085 1350 2165 tandem
1387 2089 1705 2166 collatis
1742 2091 2156 2164 sententiis
2204 2108 2285 2164 et
2337 2115 2419 2165 re
2476 2092 2887 2182 conclusa,

697 2187 708 2202 ἱ
766 2215 1179 2314 quosdam
1221 2215 1450 2291 nobis
1491 2218 1883 2293 articulos
1907 2217 2329 2291 communi
2380 2234 2567 2290 voto
2609 2235 2687 2291 et
2704 2243 2885 2292 con·

767 2366 1011 2413 sensu
1027 2343 1288 2440 parili,
1315 2339 1702 2441 (demptis
1740 2342 2133 2430 articulis,
2138 2341 2397 2446 facta
2426 2343 2883 2418 criminalia

765 2481 845 2534 et
899 2461 1414 2538 honestatem
1477 2464 1929 2540 clericalem
2012 2461 2696 2558 concernentibus,
2768 2462 2891 2539 ad

675 2672 682 2676 ,
774 2571 1047 2684 quos
1018 2590 1169 2686 ipsi
1201 2589 1561 2664 Domini·
1573 2589 1937 2664 Praelati
1980 2587 2415 2663 consentire
2464 2615 2623 2663 non
2653 2609 2887 2690 potu-

769 2712 1032 2805 erunt)
1062 2713 1494 2827 formatos
1530 2732 1782 2812 atque
1826 2716 2337 2813 Compositos
2388 2736 2717 2795 nostrae
2738 2718 2887 2793 ob·-

769 2835 1128 2909 tulerunt
1169 2842 1637 2934 Majestati.
1730 2837 1916 2928 Quo
1968 2854 2233 2915 tamen
2282 2866 2445 2917 non
2495 2846 2885 2947 obstante,

771 2961 906 3032 lex
949 2968 1080 3034 48-
1050 2986 1185 3038 -va
1239 2965 1525 3039 iisdem
1596 2962 1961 3041 comitiis
2025 2969 2335 3064 perlata
2406 2972 2559 3045 fu‘it
2614 2987 2889 3049 contra

771 3088 1178 3162 seculares
1212 3092 1749 3186 presbyteros,
1806 3094 1942 3189 qui
1983 3093 2412 3169 seditionis
2444 3098 2891 3177 rusticanae

774 3212 1037 3310 duces,
1087 3215 1218 3288 vel
1239 3208 1665 3312 participes
1706 3217 2041 3315 fuerant,
2087 3242 2229 3315 per
2270 3217 2602 3318 nobiles,
2660 3237 2739 3295 et
2760 3250 2887 3298 eo-

716 3322 722 3333 *
773 3364 946 3413 rum
1021 3340 1380 3447 famulo's⁵
1431 3324 2244 3445 comprehendendos,
2331 3359 2412 3418 et
2484 3351 2886 3443 perpetuis

740 3464 1217 3539 ‚carceribus
1265 3468 1851 3563 mancipandos.
1958 3469 2516 3548 Luculentiora
2563 3478 2682 3549 rei
2721 3479 2891 3550 isti-

778 3614 873 3664 us
937 3593 1300 3689 exempla
1359 3594 1743 3692 praebent
1798 3598 2116 3671 articuli
2190 3599 2287 3671 de
2355 3601 2887 3712 Religionibus

776 3714 1308 3815 decernenteS‚
1360 3727 1635 3817 utpote
1678 3724 1747 3791 5.
1810 3724 2034 3794 1647.
2090 3736 2172 3796 et
2212 3730 2339 3799 26.
2404 3730 2625 3801 1791.

1678 3948 1748 4044 g..
1804 3954 1877 4021 5.

908 4118 1113 4192 Jura
1163 4135 1244 4192 et
1301 4111 1614 4226 Officia
1658 4124 2224 4201 Praelatorum
2259 4108 2764 4213 communia.

885 4403 890 4415 1
930 4307 1270 4414 Praelati
1313 4308 1795 4415 Hungariaeg,
1851 4316 2223 4397 sive-illos
2248 4322 2695 4401 consideres
2717 4333 2892 4400 tan·-
