3032 5383
555 531 578 572 '
1055 602 1060 606 -
1169 545 1281 622 -w
1410 644 1418 654 ,.

1083 705 1424 870 ,μμ

283 941 740 1018 Dissehsus
759 935 1334 1018 Praelatorum
1399 935 1770 1024 concluso
1816 931 2191 1018 Diaetali

957 1113 1115 1214 non
1163 1085 1415 1164 obest.

265 1294 721 1373 Tentavit
763 1291 1026 1370 Status
1087 1291 1633 1383 Praelatorum·
1691 1291 1865 1372 vice
1917 1311 2077 1369 non
2145 1310 2304 1367 una

156 1423 255 1497 id
315 1426 734 1498 evincere.
789 1420 976 1494 dum
1025 1420 1122 1493 de
1165 1417 1623 1518 Religionis,
1679 1424 1991 1519 aliaque
2038 1443 2309 1498 caussa
2410 1399 2416 1417 ι

160 1571 311 1622 res
379 1548 682 1644 agitu'r‘,
737 1569 820 1619 se
857 1565 1019 1619 non
1069 1546 1764 1644 consentientibuS,
1819 1547 2023 1622 nihil
2078 1569 2308 1644 posse
2399 1611 2409 1622 .

161 1671 730 1746 comitialiter
754 1657 1144 1767 concludi,-
1177 1683 1284 1742 et·
1317 1673 1384 1744 si
1407 1671 1598 1766 quid
1635 1671 2037 1744 decretum
2077 1681 2309 1767 esset,

151 1824 259 1872 eo
311 1823 410 1871 se
459 1793 682 1877 nullo
742 1795 982 1885 modo
1047 1793 1302 1869 teneri
1357 1795 1444 1897 3)
1497 1793 1793 1869 Verum
1846 1775 1976 1869 hie
2020 1813 2311 1888 ‚eorum

160 1934 519 1996 conatus
559 1932 848 1997 eventu
891 1899 1519 2020 sem-percarui&
1628 1921 1785 1996 Nec
1838 1925 2169 1998 mirum:
2222 1945 2316 2013 ea

166 2048 406 2120 enim
443 2026 498 2117 3
541 2048 826 2120 seculis
870 2035 1132 2120 fuerat
1172 2046 1777 2121 constitutionis
1820 2041 2316 2140 Hungaricae

169 2171 537 2264 indoles,
592 2181 684 2242 ut
742 2169 950 2264 quod
987 2167 1184 2264 Rex,
1233 2165 1771 2279 consentiente
1796 2171 2101 2262 majore
2147 2169 2319 2241 Sta-

170 2309 420 2377 tuum
457 2305 537 2365 et
577 2292 962 2365 Ordinum
1000 2304 1252 2388 parte,
1307 2313 1354 2364 a
1379 2275 1461 2368 se
1484 2277 1769 2364 iisdern
1794 2294 2318 2390 propositum,

159 2421 315 2496 vel
360 2416 459 2489 ab
509 2418 682 2488 illis
708 2415 1077 2514 petitum,-
1134 2418 1538 2488 sanctione
1569 2433 1711 2490 sua
1730 2419 2103 2516 firmavit,
2154 2439 2318 2490 non

171 2543 560 2616 obstante
601 2539 1088 2612 minoritatis
1127 2531 1352 2641 j’v‘oto',
1405 2542 1567 2615 vim
1609 2541 1806 2636 legis
1848 2553 2160 2614 nactum
2206 2543 2323 2614 fu-

180 2666 379 2740 erit
431 2661 756 2761 Neque
801 2657 1036 2736 enim*
1085 2664 1334 2763 aliqui
1374 2687 1415 2735 e
1465 2663 1862 2760 Statibus,
1918 2675 2057 2737 aut
2121 2683 2324 2738 unus

166 2794 435 2891 etiam
507 2787 805 2895 Status,
855 2786 1248 2859 irritantis
1295 2788 1892 2859 intercessionis
1936 2800 2073 2860 aut
2138 2808 2324 2883 pro-

173 2913 616 2989 hibitionis
647 2910 779 3002 jus
825 2906 1142 3007 habent,
1197 2920 1472 3005 utpote
1511 2908 1735 2981 nulla
1781 2910 2319 3005 legepositiva

170 3040 268 3119 id
326 3036 831 3109 admittente
933 3028 1224 3125 Vigent
1245 3032 1601 3127 profecto
1644 3030 2098 3135 hodiedum,
2153 3032 2321 3127 ple·-

174 3182 451 3258 naque
487 3155 962 3227 auctoritate
997 3153 1347 3248 legitima
1378 3157 1689 3252 pollent
1720 3158 2032 3253 articuli
2056 3140 2369 3251 legum*

173 3290 282 3362 de
338 3280 750 3357 Beneficiis
783 3265 1348 3369 Ecclesiasticis
1385 3303 1545 3353 non
1587 3302 1735 3377 per
1776 3281 1974 3354 alios
1999 3337 2022 3378 ,
2077 3306 2310 3380 quam

133 3438 323 3511 ,per
366 3410 682 3505 Regem,
743 3422 880 3483 aut
929 3410 1062 3506 qui
1121 3430 1168 3482 a
1208 3410 1410 3502 Rege
1438 3409 1577 3501 jus
1632 3409 2107 3517 Patronatus
2178 3432 2318 3481 na-

176 3536 286 3607 cti
337 3544 578 3626 sunt,
636 3519 1182 3617 conferendis3
1235 3529 1551 3601 articuli
1609 3522 1829 3602 item
1868 3531 1969 3603 de
2030 3533 2311 3629 poenis

169 3658 266 3731 in
340 3654 696 3729 clericos
756 3652 1304 3750 delinquentes
1366 3653 1935 3754 decernendis,
1989 3656 2307 3731 demum

181 3780 696 3851 de'concesso
737 3777 1071 3849 alienam
1112 3800 1158 3849 a
1200 3756 1623 3865 Catfiolica'
1657 3780 2129 3873 'religionem
2188 3806 2303 3855 se·-

190 3901 619 3998 quentibus
655 3900 904 3972 libero
946 3901 1349 3997 religionis
1413 3904 1795 3977 exercitio
1842 3903 2064 4001 editi,
2119 3903 2303 3977 licet

185 4026 273 4097 hi
323 4024 554 4099 Statu
624 4026 1163 4100 Praelatorum
1237 4040 1719 4127 repugnante
1754 4028 1900 4101 lati
1943 4027 2297 4113 tuerint,

381 4225 472 4331 a)
541 4212 976 4307 conatuum
1059 4232 1400 4307 istorum
1471 4230 1833 4333 exempla
1886 4228 2297 4315 continent

183 4354 554 4456 Articuli,
606 4364 737 4437 31·
706 4382 830 4439 -us
860 4363 1085 4435 1495.
1169 4360 1250 4431 V
1241 4357 1659 4449 olentzbus
1696 4358 1985 4457 inquit,
2009 4356 2293 4431 Ποτνιέ-

1365 4488 1449 4639 ,²
1493 4480 1544 4531 ι’
1776 4476 1799 4487 ‘
2255 4510 2260 4519 ·
2386 4486 2391 4491 ·
