3032 5383
1739 477 1841 558 88

1600 606 2009 642 .-----..-.

745 694 890 762 aut
947 669 1584 760 possessionibus
1642 683 2260 785 Episcopornm‘,
2316 696 2399 760 et
2474 681 2911 760 Comitum

745 807 1096 906 capellis
1137 809 1270 882 vel
1307 807 1681 884 Ecclesiis
1738 835 1912 886 cum
1988 833 2177 887 eura
2239 811 2689 884 animarum
2756 809 2915 880 de-

743 938 1231 1021 servientem
1279 957 1454 1008 eum
1507 936 1754 1029 igitur
1805 939 1973 1012 Rex
2010 925 2513 1034 Apostoli’cus
2538 934 2915 1032 Stepha-

745 1081 897 1140 nus
965 1061 1280 1151 Stator,
1343 1067 1424 1130 et
1485 1057 1899 1134 Fundator
1976 1059 2591 1134 constitutionis
2656 1057 2915 1130 Hun-

718 1187 1056 1284 ·garioae
1133 1185 1464 1280 primus,
1515 1181 1830 1260 Decret.
1887 1183 2053 1258 Lib.
2108 1189 2183 1258 2.
2244 1184 2329 1256 in
2399 1181 2743 1256 monitis
2790 1180 2909 1252 ad

743 1312 996 1386 filium
1025 1332 1284 1402 suum,
1337 1307 1539 1382 illud
1568 1308 1859 1405 eidem5
1888 1322 2285 1406 ‘tanquam
2308 1319 2565 1382 rectae
2592 1305 2909 1400 guber-

745 1432 1102 1506 nationis
1148 1451 1504 1508 normam
1542 1430 1909 1527 instillet,
1963 1445 2055 1514 ut
2102 1432 2271 1506 Rex
2330 1451 2516 1503 suae
2562 1450 2911 1500 conces-

744 1557 1000 1632 sionis
1039 1555 1633 1630 immunitatem
1668 1555 1779 1628 ab·
1808 1555 2263 1631 hominibus
2328 1553 2617 1627 ditioni
2690 1573 2905 1624 suae

762 1679 1164 1774 subjeetig
1216 1680 1577 1754 illaesam
1604 1682 2055 1760 conservari
2081 1657 2543 1777 praeeipiat,
2594 1699 2911 1772 resque

762 1803 1235 1898 dominieaS‚
1275 1813 1361 1880 et
1419 1806 2015 1902 praerogativas
2060 1803 2501 1889 sacerdotii
2522 1827 2695 1878 non
2764 1829 2905 1878 so-

751 1931 918 2004 lum
965 1927 1327 2022 diligenti
1370 1952 1557 2002 eura
1596 1953 1941 2026 servare,
1996 1929 2135 2006 sed
2200 1930 2439 2005 etiam
2504 1951 2897 2023 augmen-

749 2066 924 2126 tare
1007 2063 1350 2146 satagat3
1425 2077 1582 2152 qua
1660 2053 1761 2127 de
1826 2077 2087 2130 eausa.
2120 2050 2444 2154 spiritui
2506 2066 2897 2130 vetustae

755 2175 1360 2252 Constitutionis
1425 2180 1739 2254 Patriae
1800 2188 2167 2273 nostrae,
2220 2188 2343 2251 tot
2422 2179 2885 2252 seculorum

751 2301 1088 2376 decursu
1129 2299 1407 2376 divina
1440 2304 1949 2401 providentia
1974 2303 2283 2381 illibate
2322 2294 2883 2396 conservatae,

713 2401 1096 2526 ‘prorsus'
1119 2440 1789 2502 consentanenum
1826 2427 2061 2521 foret,
2116 2435 2209 2500 ut
2229 2423 2551 2498 Plebani
2582 2422 2885 2501 Catho-

743 2549 882 2622 liei
929 2559 1090 2620 tam
1123 2547 1356 2640 longo
1398 2546 2243 2644 temporis.intervallo
2279 2549 2737 2644 praerogati
2752 2571 2891 2644 πῃ·

743 2684 832 2747 et
867 2670 1180 2767 juribus
1220 2668 1662 2745 nobilitatis
1682 2667 2142 2767 gaudentes,
2193 2670 2281 2761 in·
2317 2668 2589 2745 eadem
2634 2694 2882 2769 prae-

741 2798 1132 2891 rogativa,
1173 2790 1590 2885 eidemque
1638 2789 1949 2863 adnexa
2010 2790 2417 2865 activitate
2480 2813 2627 2889 per
2694 2792 2879 2866 Sta·

743 2934 874 2995 tus
919 2933 1000 2995 et
1062 2919 1397 2993 Ordines
1459 2916 1703 3011 Regni
1756 2916 2159 3011 legetenus
2227 2910 2748 2991 stabiliantur
2796 2932 2879 2991 et

739 3057 1330 3119 conserventur.

927 3290 1036 3367 Ut
1072 3315 1280 3369 vero
1303 3292 1404 3367 ad
1445 3290 1687 3367 Sedes
1721 3294 1934 3391 ipsas
1966 3290 2575 3367 restauratorias
2600 3285 2879 3362 Comi-

739 3433 1048 3501 tatuum
1105 3418 1434 3516 propius
1489 3417 2019 3513 accedamus„
2050 3413 2615 3491 declarandum
2686 3427 2865 3485 est:

737 3544 984 3619 Sedes
1033 3544 1178 3617 has
1221 3543 1830 3619 restauratorias
1872 3540 1973 3615 ad
2036 3541 2511 3635 exigentiam
2588 3537 2865 3631 legum

735 3664 984 3759 Regni
1019 3662 1480 3755 Hungariae
1526 3665 1745 3738 omni
1778 3638 2151 3757 triennio,
2207 3673 2343 3735 aut
2384 3663 2451 3735 si
2512 3661 2863 3737 necessi-

733 3804 861 3863 tas
901 3789 1186 3888 exigat,
1237 3790 1370 3864 vel
1415 3791 1673 3895 inajor
1739 3787 2203 3865 Provinciae
2278 3790 2587 3861 utilitas
2672 3810 2858 3861 sva-

735 3912 952 4007 (leat,
1003 3911 1246 3989 etiam
1279 3913 1502 4011 prius
1570 3934 1711 4007 per
1764 3922 2172 4009 supremos
2232 3906 2578 3987 Comites
2641 3911 2856 3985 indi·

731 4032 1022 4113 condas
1045 4090 1070 4135 ‚
1111 4014 1705 4133 servandosque¹
1758 4058 1927 4111 esse
1948 4090 1989 4131 „
2030 4038 2185 4109 fine
2244 4036 2851 4133 deligendorum

732 4180 1156 4257 novorum,
1209 4160 1347 4254 qui
1381 4156 1889 4253 Magistratus
1937 4154 2513 4237 comitatenses
2549 4163 2847 4259 gesturi
