3032 5383
1259 475 1497 546 37·’

203 677 778 761 conventibus
799 687 880 752 et
903 675 1434 778 Monasteriis3
1462 672 1948 778 Biographus
1974 679 2051 754 S.
2079 659 2357 755 Gerar-

208 814 324 888 di
366 837 413 886 a
439 807 730 884 Vionio
775 781 1084 901 editus,'
1117 804 1592 877 nominatim
1616 819 2179 895 commemorat
2219 805 2363 880 Ca·
2454 845 2459 852 ·

199 937 496 1042 pitula
519 917 1115 1044 ctMonasteria,
1140 951 1230 1003 ac
1245 929 1695 1029 Magistros,
1716 935 1849 1028 qui
1867 935 2155 1007 hancce
2185 957 2364 1005 con·
2455 906 2461 913 ¹

205 1081 653 1150 versorum
677 1055 1026 1160 sobolem
1052 1057 1410 1131 scientiis
1437 1041 1848 1132 erudiendi
1869 1048 2362 1158 provinciam

205 1176 618 1285 regnante
659 1183 738 1256 S.
773 1182 1170 1279 Stephano
1199 1193 1735 1281 susceperunt.
1844 1184 2069 1259 Unde
2096 1189 2190 1271 in,
2222 1184 2365 1259 Ca-

205 1313 521 1415 pitulis
544 1310 820 1403 vigens
854 1306 1286 1381 hodiedum
1326 1307 1897 1384 canonicorum
1939 1311 2365 1384 Scholasti-

206 1453 507 1514 eorum
533 1491 556 1530 ‚
611 1444 693 1504 et
727 1430 1295 1506 canonicorum
1333 1431 1891 1528 Magistrorum
1925 1435 2367 1508 nomencla-

212 1567 381 1638 tio.
495 1559 715 1631 Inter
751 1554 1055 1628 'scholas
1099 1552 1624 1649 primi-hujus
1667 1557 1844 1629 aevi
1895 1555 2364 1631 celebriores

215 1693 494 1760 erant.
602 1678 998 1773 Albensis,
1055 1678 1646 1775 strigoniensis,
1706 1677 2366 1777 Quinque-Eccle-
2450 1700 2459 1708 ·

217 1808 551 1902 siensis,
605 1793 686 1876 et
725 1799 1303 1876 Csanadiensis.
1414 1801 1775 1876 Fuerunt·
1832 1815 2094 1896 autem
2139 1800 2366 1900 Capi·-

219 1936 414 2009 tula
475 1925 1090 2004 ac-Monasteria
1145 1926 1302 1998 ista
1338 1929 1621 2009 *omnia
1684 1950 1740 2010 a¹
1787 1939 2056 2000 sancto
2096 1928 2367 2032 Proto-

220 2083 426 2154 rege
459 2055 814 2132 fundata.
835 2095 944 2110 --
968 2049 1388 2148 Postquam
1440 2052 1724 2125 deinde
1750 2055 1865 2126 ita
1900 2052 2161 2126 dictae
2210 2065 2370 2128 stu-

225 2185 558 2260 diorum
587 2179 1196 2255 ‘Universitates
1249 2158 1340 2248 in
1389 2160 1684 2250 exteris
1732 2177 2012 2271 Regnis
2063 2189 2369 2250 erectae

228 2309 582 2382 fuissent
607 2359 630 2401 ,
687 2302 922 2375 multi
969 2324 1014 2372 e
1029 2300 1453 2395 juventute
1499 2298 1879 2394 Hungara
1912 2301 2001 2372 in
2032 2284 2369 2391 ‚Univer-

115 2469 120 2474 ·
229 2431 480 2504 sitate
527 2428 888 2501 Parisina
934 2437 1014 2498 et
1055 2415 1621 2518 Bonnoniensi‚
1678 2424 2072 2522 stipendio
2114 2425 2368 2521 RegiS,

226 2552 372 2628 vel
398 2553 891 2650 privatorum
917 2549 1171 2643 adjuti
1207 2550 1557 2623 scientiis
1581 2566 1903 2647 operam
1939 2548 2367 2645 navabant,

229 2677 378 2773 qui
427 2676 614 2750 dein
666 2675 767 2750 ad
819 2679 1118 2774 primas
1159 2676 1250 2763 in
1280 2675 1547 2770 Regno
1600 2674 2025 2770 dignitates
2072 2677 2369 2771 evecti,
2406 2681 2411 2686 ’

222 2807 251 2876 i
262 2786 391 2901 p'si
410 2803 718 2874 litteras
747 2798 1311 2897 provehebant.
1387 2798 1697 2870 Primus
1726 2798 1875 2869 fuit
1914 2798 2361 2875 Ludovicus

231 2925 434 3019 Rex3
489 2924 628 3017 qui
671 2944 874 3015 anno
912 2925 1135 2994 1367.
1175 2918 1681 2992 Academiam
1721 2931 1800 2989 et
1851 2921 2191 2995 studium
2241 2944 2365 3013 ge-

226 3050 508 3123 nerale
526 3044 1320 3142 Quinque-Ecclesiis‚
1365 3054 1696 3141 excepta
1747 3044 2121 3121 facultate
2148 3046 2367 3123 theo·
2470 3107 2484 3139 .=
2586 3066 2596 3079 ·

239 3172 526 3268 logica,
583 3176 836 3265 quam'
859 3168 1276 3240 Pontifices
1303 3164 1622 3239 'diserte
1664 3178 2163 3263 exceperunt,
2193 3166 2367 3241 fun-

241 3296 496 3389 davit,
535 3292 747 3389 qnod
769 3312 1014 3389 usque
1049 3289 1356 3395 cladem
1397 3291 1499 3364 ad
1518 3271 2366 3390 Mohacs'perduravit.
2470 3325 2479 3334 ·

337 3462 346 3472 ,
441 3417 806 3501 Alterum
851 3439 998 3514 pro
1045 3414 1329 3489 studiis
1385 3404 1473 3489 in
1531 3416 1941 3509 Hungaria
1978 3416 2361 3492 domicili-

213 3566 381 3637 ⁸um
436 3540 622 3638 'post
683 3540 852 3611 fata
925 3536 1305 3614 Ludovici
1364 3541 1426 3635 Ι.
1475 3542 1737 3646 ἐῐᾳκίῐ
1820 3540 2369 3633 Sigismundus
2476 3563 2483 3571 ·

242 3669 410 3742 Rex
449 3666 762 3757 Budae,
818 3686 1016 3762 quae
1072 3642 1498 3739 Academia
1569 3668 1701 3743 vel
1756 3667 2023 3741 schola
2102 3666 2372 3740 Suada

244 3792 694 3883 vocabatur,
751 3788 1123 3869 videlicet
1141 3792 1925 3886 percontractionem
1955 3782 2372 3864 literarum

253 3940 347 3990 ex
431 3914 858 4015 Academia
927 3914 1499 4009 sigismundea.
1607 3916 1967 3990 Historia
2037 3912 2371 3988 Concilii

263 4024 886 4113 constantiensis
921 4038 1362 4123 ⁸manifesta
1405 4039 1721 4117 scholae
1760 4038 1997 4144 hujus
2040 4040 2377 4133 vestigia
2415 4118 2425 4127 ,

256 4161 595 4258 exhibet,
648 4173 923 4259 utpote
966 4164 1054 4237 iu
1098 4172 1270 4259 qua'
1294 4147 1670 4260 refertur,
1725 4161 1939 4261 quod
1955 4164 2043 4236 in
2099 4159 2373 4236 Conci·

252 4286 358 4361 lio
398 4280 988 4363 constantiensi
1055 4310 1215 4365 una
1250 4266 1462 4364 ⁸cum
1524 4287 2139 4387 Archiepiscopo‘
2177 4288 2377 4363 Stri-
