3032 5383
1159 599 1284 670 91·

103 815 368 888 rifica
423 814 510 886 in
555 801 1079 884 comitatibus
1121 805 1379 878 officia
1411 808 1812 883 consecuti
1853 805 2041 903 sint,
2096 806 2268 902 plu·

107 941 472 1014 realitate
529 947 903 1011 votorum
958 954 1107 1031 per
1157 931 1559 1018 ¹Par-ochos
1621 929 2073 1010 catholicos
2120 952 2274 1031 pro·

118 1061 444 1139 iisdem
496 1059 1101 1135 declaratorum.
1211 1054 1537 1132 Accedit
1602 1056 1704 1131 ad
1768 1058 2007 1157 haec,
2062 1055 2282 1155 quod

123 1188 422 1264 nullus
453 1187 559 1260 sit
593 1184 681 1256 in
724 1175 1012 1276 Regno
1055 1179 1519 1294 Hungariae
1582 1175 2021 1256 Comitatus
2077 1177 2279 1254 adeo

122 1309 465 1387 numeri
572 1305 961 1382 nobilium
1044 1307 1322 1404 inops,
1379 1317 1470 1379 ut
1555 1304 1643 1379 in
1722 1305 1867 1378 illo
1938 1299 2275 1377 Parochi

138 1432 556 1510 Catholici
591 1429 1089 1504 nobilitatem
1135 1451 1282 1527 pro
1325 1421 1609 1502 officiis
1664 1423 2105 1505 Comitatus
2142 1425 2283 1503 vo&

137 1576 237 1636 ta
287 1557 613 1632 dantem
646 1556 980 1646 numero
1026 1566 1396 1653 aequent,
1450 1564 1588 1628 aut
1623 1555 1863 1661 plane
1880 1564 2284 1655 superent,

156 1709 253 1764 ac
289 1679 634 1802 proinde
687 1680 894 1756 nulli
945 1701 1047 1753 ex
1087 1692 1320 1777 parte·
1357 1663 1890 1755 Parochorum
1940 1676 2291 1754 Catholi-

153 1833 438 1888 corum
505 1827 680 1888 cum
735 1827 874 1904 spe
937 1824 1334 1880 successus
1393 1785 1897 1904 occipiendae
1958 1772 2292 1881 factioni

151 1937 384 2010 locus
429 1952 599 2008 esse
637 1932 920 2030 possit,
977 1941 1212 2026 atque
1260 1927 1502 2002 etiam
1540 1929 1609 2004 si
1648 1923 1835 2000 talis
1880 1934 2123 2010 factio
2170 1954 2293 2008 oc-

159 2059 593 2158 ciperetur,
649 2055 914 2150 irrita,
971 2064 1051 2127 et
1085 2051 1430 2148 inutilis,
1484 2072 1575 2126 ac
1596 2052 1967 2127 inefficax
2014 2053 2297 2128 evade-

161 2194 314 2258 ret.
427 2175 846 2253 Caeterum
891 2173 1223 2252 Parochi
1274 2174 1663 2271 Catholici
1708 2179 1795 2253 in
1834 2173 2296 2274 hujusmodi

161 2301 857 2378 Restaurationum
902 2301 1205 2378 actibus
1259 2323 1424 2376 non
1501 2301 1797 2388 habent
1869 2305 2143 2380 aliam·
2175 2305 2309 2378 ιιι-ι.

168 2433 636 2525 tentionem,
688 2451 835 2504 nec
874 2425 1092 2506 aliud
1131 2430 1409 2510 fovent
1448 2429 1960 2528 desiderium,
2014 2451 2303 2528 qnam‚·

167 2577 272 2630 ne
317 2554 464 2627 tali
511 2553 919 2654 occasione
951 2551 1330 2632 nobilitas
1396 2578 1585 2629 suae
1632 2555 2069 2652 Religionis
2120 2576 2303 2653 pre-2

169 2694 478 2779 matur,
535 2697 614 2755 et
679 2681 765 2755 in
829 2682 1108 2761 officiis
1173 2667 1743 2783 consequendis
1807 2679 2293 2794 negligatur,

185 2806 320 2881 sed
361 2820 450 2881 ut
488 2809 904 2881 minimum
954 2832 1002 2883 a
1049 2811 1567 2909 proportione
1636 2808 1949 2883 numeri
2006 2805 2161 2899 sui,
2214 2813 2298 2875 et

184 2954 228 3004 a
273 2931 578 3006 ratione
625 2921 1167 3030 populationis
1225 2929 1537 3006 nobiles
1611 2926 2000 3006 Catholici
2042 2924 2294 2999 'etiam

187 3054 283 3129 ad
321 3056 580 3129 officia
616 3057 1135 3160 applicentur,
1193 3057 1404 3155 quod
1439 3068 1559 3130 est
1599 3068 1679 3136 et
1738 3051 2163 3153 aequitati,
2216 3058 2301 3123 et

187 3191 436 3252 rectae
475 3176 1026 3275 gubernationi
1073 3202 1521 3278 congruum,
1565 3216 1576 3225 ·
1875 3158 1882 3164 ⁹
